% This file was created with JabRef 2.10.
% Encoding: UTF8


@InProceedings{Alavi2009,
  Title                    = {Distributed awareness for class orchestration},
  Author                   = {Alavi, Hamed S. and Dillenbourg, Pierre and Kaplan, Frederic},
  Booktitle                = {European {Conference} on {Technology} {Enhanced} {Learning}},
  Year                     = {2009},
  Pages                    = {211--225},
  Publisher                = {Springer},
  Url                      = {http://link.springer.com/chapter/10.1007/978-3-642-04636-0_21},
  Urldate                  = {2017-02-07}
}

@Article{Anaya2016,
  Title                    = {A visual recommender tool in a collaborative learning experience},
  Author                   = {Anaya, Antonio R. and Luque, Manuel and Peinado, Manuel},
  Journal                  = {Expert Systems with Applications},
  Year                     = {2016},
  Month                    = mar,
  Pages                    = {248--259},
  Volume                   = {45},
  Doi                      = {10.1016/j.eswa.2015.01.071},
  ISSN                     = {0957-4174},
  Url                      = {//www.sciencedirect.com/science/article/pii/S0957417415006624},
  Urldate                  = {2017-01-25}
}

@InProceedings{Awasthi2015,
  Title                    = {{INSIGHT}: a {Semantic} {Visual} {Analytics} for {Programming} {Discussion} {Forums}.},
  Author                   = {Awasthi, Piyush and Hsiao, I.-Han},
  Booktitle                = {{VISLA}@ {LAK}},
  Year                     = {2015},
  Pages                    = {24--31},
  Shorttitle               = {{INSIGHT}},
  Url                      = {https://pdfs.semanticscholar.org/ea5a/d29d8ef5fbba911b755fe8fd553940888915.pdf},
  Urldate                  = {2017-07-27}
}

@InProceedings{Badam2017,
  Title                    = {Supporting team-first visual analytics through group activity representations},
  Author                   = {Badam, Sriram Karthik and Zeng, Zehua and Wall, Emily and Endert, Alex and Elmqvist, Niklas},
  Booktitle                = {Graphics {Interface}},
  Year                     = {2017},
  Url                      = {https://pdfs.semanticscholar.org/e21c/306c099c56b98ce1d2f98b199fc8f5f43bdb.pdf},
  Urldate                  = {2017-09-21}
}

@Article{Baker2016,
  Title                    = {Stupid {Tutoring} {Systems}, {Intelligent} {Humans}},
  Author                   = {Baker, Ryan S.},
  Journal                  = {International Journal of Artificial Intelligence in Education},
  Year                     = {2016},
  Month                    = jun,
  Number                   = {2},
  Pages                    = {600--614},
  Volume                   = {26},
  Doi                      = {10.1007/s40593-016-0105-0},
  ISSN                     = {1560-4292, 1560-4306},
  Language                 = {en},
  Url                      = {http://link.springer.com/article/10.1007/s40593-016-0105-0},
  Urldate                  = {2017-02-19}
}

@InProceedings{Bakharia2011,
  Title                    = {{SNAPP}: {A} {Bird}'{S}-eye {View} of {Temporal} {Participant} {Interaction}},
  Author                   = {Bakharia, Aneesha and Dawson, Shane},
  Booktitle                = {Proceedings of the 1st {International} {Conference} on {Learning} {Analytics} and {Knowledge}},
  Year                     = {2011},
  Address                  = {New York, NY, USA},
  Pages                    = {168--173},
  Publisher                = {ACM},
  Series                   = {{LAK} '11},
  Doi                      = {10.1145/2090116.2090144},
  ISBN                     = {978-1-4503-0944-8},
  Shorttitle               = {{SNAPP}},
  Url                      = {http://doi.acm.org/10.1145/2090116.2090144},
  Urldate                  = {2017-10-12}
}

@Article{Bandura1977,
  Title                    = {Social learning theory},
  Author                   = {Bandura, Albert and McClelland, David C},
  Year                     = {1977},
  Note                     = {35324},
}

@Book{Bandura1977a,
  Title                    = {Social learning theory},
  Author                   = {Bandura, Albert and McClelland, David C},
  Year                     = {1977},
  Note                     = {35324},
  Owner                    = {mlk},
  Timestamp                = {2017.11.22}
}

@InProceedings{Beck2017,
  Title                    = {A taxonomy and survey of dynamic graph visualization},
  Author                   = {Beck, Fabian and Burch, Michael and Diehl, Stephan and Weiskopf, Daniel},
  Booktitle                = {Computer {Graphics} {Forum}},
  Year                     = {2017},
  Pages                    = {133--159},
  Publisher                = {Wiley Online Library},
  Volume                   = {36},
  Url                      = {http://onlinelibrary.wiley.com/doi/10.1111/cgf.12791/full},
  Urldate                  = {2017-08-06}
}

@InProceedings{Beheshitha2016,
  Title                    = {The role of achievement goal orientations when studying effect of learning analytics visualizations},
  Author                   = {Beheshitha, Sanam Shirazi and Hatala, Marek and Gašević, Dragan and Joksimović, Srećko},
  Booktitle                = {Proceedings of the {Sixth} {International} {Conference} on {Learning} {Analytics} \& {Knowledge}},
  Year                     = {2016},
  Pages                    = {54--63},
  Publisher                = {ACM},
}

@Book{Bertin1983,
  Title                    = {Semiology of {Graphics}: {Diagrams}, {Networks}, {Maps}},
  Author                   = {Bertin, Jacques},
  Publisher                = {University of Wisconsin Press},
  Year                     = {1983},
  ISBN                     = {978-0-299-09060-9},
  Shorttitle               = {Semiology of {Graphics}},
  Url                      = {http://www.amazon.ca/exec/obidos/redirect?tag=citeulike09-20&path=ASIN/0299090604},
  Urldate                  = {2017-09-22}
}

@InProceedings{BiehZimmert2014,
  Title                    = {Shaping {Unlimited} {Patterns}: {A} {Vision} for {State}-of-the-{Art} {Visual} {Scalability}},
  Author                   = {Bieh-Zimmert, Oliver and Felden, Carsten},
  Booktitle                = {Proceedings of the 6th {International} {Conference} on {Management} of {Emergent} {Digital} {EcoSystems}},
  Year                     = {2014},
  Address                  = {New York, NY, USA},
  Pages                    = {13:72--13:77},
  Publisher                = {ACM},
  Series                   = {{MEDES} '14},
  Doi                      = {10.1145/2668260.2668279},
  ISBN                     = {978-1-4503-2767-1},
  Shorttitle               = {Shaping {Unlimited} {Patterns}},
  Url                      = {http://doi.acm.org/10.1145/2668260.2668279},
  Urldate                  = {2017-11-30}
}

@Article{Bijedic2012,
  Title                    = {Modeling {SNA} result to improve learning community},
  Author                   = {Bijedic, Nina and Hamulic, Indira and Junuz, Emina and Maksumic, Ismet and Radosav, Dragica},
  Journal                  = {Procedia-Social and Behavioral Sciences},
  Year                     = {2012},
  Note                     = {00001},
  Pages                    = {52--57},
  Volume                   = {64},
  Owner                    = {mlk},
  Timestamp                = {2017.11.22},
  Url                      = {http://www.sciencedirect.com/science/article/pii/S1877042812049841},
  Urldate                  = {2016-06-12}
}

@InProceedings{Boroujeni2017,
  Title                    = {Dynamics of {MOOC} discussion forums.},
  Author                   = {Boroujeni, Mina Shirvani and Hecking, Tobias and Hoppe, Heinz Ulrich and Dillenbourg, Pierre},
  Booktitle                = {{LAK}},
  Year                     = {2017},
  Pages                    = {128--137},
  Urldate                  = {2017-10-01}
}

@InProceedings{Brinton2016,
  Title                    = {Social learning networks: {Efficiency} optimization for {MOOC} forums},
  Author                   = {Brinton, C. G. and Buccapatnam, S. and Wong, F. M. F. and Chiang, M. and Poor, H. V.},
  Booktitle                = {{IEEE} {INFOCOM} 2016 - {The} 35th {Annual} {IEEE} {International} {Conference} on {Computer} {Communications}},
  Year                     = {2016},
  Month                    = apr,
  Pages                    = {1--9},
  Doi                      = {10.1109/INFOCOM.2016.7524579},
  Shorttitle               = {Social learning networks}
}

@Article{Broeksema2013,
  Title                    = {Visual {Analysis} of {Multi}-{Dimensional} {Categorical} {Data} {Sets}},
  Author                   = {Broeksema, Bertjan and Telea, Alexandru C. and Baudel, Thomas},
  Journal                  = {Computer Graphics Forum},
  Year                     = {2013},
  Month                    = dec,
  Number                   = {8},
  Pages                    = {158--169},
  Volume                   = {32},
  Doi                      = {10.1111/cgf.12194},
  ISSN                     = {1467-8659},
  Language                 = {en},
  Url                      = {http://onlinelibrary.wiley.com/doi/10.1111/cgf.12194/abstract},
  Urldate                  = {2017-10-18}
}

@Article{Bull2016,
  Title                    = {{SMILI}: a framework for interfaces to learning data in open learner models, learning analytics and related fields},
  Author                   = {Bull, Susan and Kay, Judy},
  Journal                  = {International Journal of Artificial Intelligence in Education},
  Year                     = {2016},
  Number                   = {1},
  Pages                    = {293--331},
  Volume                   = {26},
  Shorttitle               = {{SMILI}☺},
  Url                      = {http://link.springer.com/article/10.1007/s40593-015-0090-8},
  Urldate                  = {2017-02-02}
}

@InCollection{Bull2013,
  Title                    = {Open learner models as drivers for metacognitive processes},
  Author                   = {Bull, Susan and Kay, Judy},
  Booktitle                = {International handbook of metacognition and learning technologies},
  Publisher                = {Springer},
  Year                     = {2013},
  Pages                    = {349--365},
  Url                      = {http://link.springer.com/chapter/10.1007/978-1-4419-5546-3_23},
  Urldate                  = {2017-02-07}
}

@Article{Cho2007,
  Title                    = {Social networks, communication styles, and learning performance in a {CSCL} community},
  Author                   = {Cho, Hichang and Gay, Geri and Davidson, Barry and Ingraffea, Anthony},
  Journal                  = {Computers \& Education},
  Year                     = {2007},
  Number                   = {2},
  Pages                    = {309--329},
  Volume                   = {49},
  Owner                    = {mlk},
  Timestamp                = {2017.11.22}
}

@TechReport{Christensen2013,
  Title                    = {The {MOOC} {Phenomenon}: {Who} {Takes} {Massive} {Open} {Online} {Courses} and {Why}?},
  Author                   = {Christensen, Gayle and Steinmetz, Andrew and Alcorn, Brandon and Bennett, Amy and Woods, Deirdre and Emanuel, Ezekiel},
  Institution              = {Social Science Research Network},
  Year                     = {2013},
  Address                  = {Rochester, NY},
  Month                    = nov,
  Number                   = {ID 2350964},
  Type                     = {{SSRN} {Scholarly} {Paper}},
  Owner                    = {mlk},
  Shorttitle               = {The {MOOC} {Phenomenon}},
  Timestamp                = {2017.11.22},
  Url                      = {https://papers.ssrn.com/abstract=2350964},
  Urldate                  = {2017-11-20}
}

@Article{Chua2017,
  Title                    = {Discussion {Analytics}: {Identifying} {Conversations} and {Social} {Learners} in {FutureLearn} {MOOCs}},
  Author                   = {Chua, Shi Min and Tagg, Caroline and Sharples, Mike and Rienties, Bart},
  Year                     = {2017},
  Shorttitle               = {Discussion {Analytics}}
}

@Article{Cleveland1984,
  Title                    = {Graphical {Perception}: {Theory}, {Experimentation}, and {Application} to the {Development} of {Graphical} {Methods}},
  Author                   = {Cleveland, William S. and McGill, Robert},
  Journal                  = {Journal of the American Statistical Association},
  Year                     = {1984},
  Number                   = {387},
  Pages                    = {531--554},
  Volume                   = {79},
  Doi                      = {10.2307/2288400},
  ISSN                     = {0162-1459},
  Shorttitle               = {Graphical {Perception}},
  Url                      = {http://www.jstor.org/stable/2288400},
  Urldate                  = {2017-09-22}
}

@InProceedings{Coffrin2014,
  Title                    = {Visualizing patterns of student engagement and performance in {MOOCs}},
  Author                   = {Coffrin, Carleton and Corrin, Linda and de Barba, Paula and Kennedy, Gregor},
  Booktitle                = {Proceedings of the fourth international conference on learning analytics and knowledge},
  Year                     = {2014},
  Pages                    = {83--92},
  Publisher                = {ACM},
  Url                      = {http://dl.acm.org/citation.cfm?id=2567586},
  Urldate                  = {2017-01-25}
}

@InProceedings{Dabbebi2017,
  Title                    = {Towards {Adaptive} {Dashboards} for {Learning} {Analytic}: {An} {Approach} for {Conceptual} {Design} and implementation},
  Author                   = {Dabbebi, Inès and Iksal, Sébastien and Gilliot, Jean-Marie and May, Madeth and Garlatti, Serge},
  Booktitle                = {9th {International} {Conference} on {Computer} {Supported} {Education} ({CSEDU} 2017)},
  Year                     = {2017},
  Address                  = {Porto, Portugal},
  Month                    = apr,
  Pages                    = {120--131},
  Doi                      = {10.5220/0006325601200131},
  Shorttitle               = {Towards {Adaptive} {Dashboards} for {Learning} {Analytic}},
  Url                      = {https://hal.archives-ouvertes.fr/hal-01574127},
  Urldate                  = {2018-01-31}
}

@Article{Dascalu2017,
  Title                    = {Cohesion network analysis of {CSCL} participation},
  Author                   = {Dascalu, Mihai and {McNamara}, Danielle S. and Trausan-Matu, Stefan and Allen, Laura K.},
  Pages                    = {1--16},
  Journal             = {Behavior Research Methods},
  Year                     = {2017},
}

@InProceedings{Davis2017,
  Title                    = {Follow the successful crowd: raising {MOOC} completion rates through social comparison at scale.},
  Author                   = {Davis, Dan and Jivet, Ioana and Kizilcec, René F. and Chen, Guanliang and Hauff, Claudia and Houben, Geert-Jan},
  Booktitle                = {{LAK}},
  Year                     = {2017},
  Pages                    = {454--463},
  Shorttitle               = {Follow the successful crowd},
  Url                      = {http://rene.kizilcec.com/wp-content/uploads/2017/01/davis2017follow.pdf},
  Urldate                  = {2017-08-07}
}

@Article{DeLaat2007,
  Title                    = {Investigating patterns of interaction in networked learning and computer-supported collaborative learning: {A} role for {Social} {Network} {Analysis}},
  Author                   = {De Laat, Maarten and Lally, Vic and Lipponen, Lasse and Simons, Robert-Jan},
  Journal                  = {International Journal of Computer-Supported Collaborative Learning},
  Year                     = {2007},
  Note                     = {00259},
  Number                   = {1},
  Pages                    = {87--103},
  Volume                   = {2},
  Owner                    = {mlk},
  Shorttitle               = {Investigating patterns of interaction in networked learning and computer-supported collaborative learning},
  Timestamp                = {2017.11.22},
  Url                      = {http://link.springer.com/article/10.1007/s11412-007-9006-4},
  Urldate                  = {2016-05-30}
}

@Book{Dehaene2007,
  Title                    = {Neurones de la lecture ({Les}): {La} nouvelle science de la lecture et de son apprentissage},
  Author                   = {Dehaene, Stanislas},
  Publisher                = {Odile Jacob},
  Year                     = {2007},
  Month                    = aug,
  ISBN                     = {978-2-7381-8669-0},
  Language                 = {fr},
  Shorttitle               = {Neurones de la lecture ({Les})}
}

@Book{Dillenbourg2002,
  Title                    = {Over-scripting {CSCL}: {The} risks of blending collaborative learning with instructional design.},
  Author                   = {Dillenbourg, Pierre},
  Publisher                = {Heerlen, Open Universiteit Nederland},
  Year                     = {2002},
  Shorttitle               = {Over-scripting {CSCL}},
  Url                      = {https://telearn.archives-ouvertes.fr/hal-00190230/},
  Urldate                  = {2017-09-18}
}

@Article{Dillenbourg1999,
  Title                    = {What do you mean by collaborative learning},
  Author                   = {Dillenbourg, Pierre},
  Journal                  = {Collaborative-learning: Cognitive and computational approaches},
  Year                     = {1999},
  Note                     = {02876},
  Pages                    = {1--15},
  Volume                   = {1},
  Url                      = {http://mimas.dsv.su.se/research/kogc/Kurser/Baker-kurs/ReadingLecture1-2_What_do_you_mean_by_collaborative_learning.pdf},
  Urldate                  = {2016-06-05}
}

@Article{Dimitrakopoulou2006,
  Title                    = {State of the art of interaction analysis for {Metacognitive} {Support} \& {Diagnosis}},
  Author                   = {Dimitrakopoulou, Angelique and Petrou, Argyroula and Martinez, Alejandra and Marcos, José Antonio and Kollias, Vassilis and Jermann, Patrick and Harrer, Andreas and Dimitriadis, Yannis and Bollen, Lars},
  Year                     = {2006}
}

@Article{Duque2015,
  Title                    = {Analyzing collaboration and interaction in learning environments to form learner groups},
  Author                   = {Duque, Rafael and Gómez-Pérez, Domingo and Nieto-Reyes, Alicia and Bravo, Crescencio},
  Journal                  = {Computers in Human Behavior},
  Year                     = {2015},
  Pages                    = {42--49},
  Volume                   = {47},
  Url                      = {http://www.sciencedirect.com/science/article/pii/S0747563214003781},
  Urldate                  = {2017-02-02}
}

@Article{Emmons2017,
  Title                    = {{MOOC} visual analytics: {Empowering} students, teachers, researchers, and platform developers of massively open online courses},
  Author                   = {Emmons, Scott R. and Light, Robert P. and Börner, Katy},
  Journal                  = {Journal of the Association for Information Science and Technology},
  Year                     = {2017},
  Month                    = oct,
  Number                   = {10},
  Pages                    = {2350--2363},
  Volume                   = {68},
  Doi                      = {10.1002/asi.23852},
  ISSN                     = {2330-1643},
  Language                 = {en},
  Shorttitle               = {{MOOC} visual analytics},
  Url                      = {http://onlinelibrary.wiley.com/doi/10.1002/asi.23852/abstract},
  Urldate                  = {2017-10-12}
}

@Article{Erickson2009,
  Title                    = {‘{Social}’systems: designing digital systems that support social intelligence},
  Author                   = {Erickson, Thomas},
  Journal                  = {Ai \& Society},
  Year                     = {2009},
  Number                   = {2},
  Pages                    = {147--166},
  Volume                   = {23},
  Shorttitle               = {‘{Social}’systems},
  Url                      = {http://link.springer.com/10.1007/s00146-007-0140-3},
  Urldate                  = {2017-08-07}
}

@Article{Festinger1954,
  Title                    = {A theory of social comparison processes},
  Author                   = {Festinger, Leon},
  Journal                  = {Human relations},
  Year                     = {1954},
  Number                   = {2},
  Pages                    = {117--140},
  Volume                   = {7},
  Owner                    = {mlk},
  Timestamp                = {2017.11.22}
}

@Article{Friedrich2002,
  Title                    = {Graph drawing in motion},
  Author                   = {Friedrich, Carsten and Eades, Peter},
  Journal                  = {J. Graph Algorithms Appl.},
  Year                     = {2002},
  Number                   = {3},
  Pages                    = {353--370},
  Volume                   = {6},
  Url                      = {http://www.emis.ams.org/journals/JGAA/accepted/02/FriedrichEades02.6.3.pdf},
  Urldate                  = {2017-10-03}
}

@Article{Fu2017,
  Title                    = {Visual {Analysis} of {MOOC} {Forums} with {iForum}},
  Author                   = {Fu, Siwei and Zhao, Jian and Cui, Weiwei and Qu, Huamin},
  Journal                  = {IEEE Transactions on Visualization and Computer Graphics},
  Year                     = {2017},
  Number                   = {1},
  Pages                    = {201--210},
  Volume                   = {23}
}

@Article{Gilbert2009,
  Title                    = {Using social visualization to motivate social production},
  Author                   = {Gilbert, Eric and Karahalios, Karrie},
  Journal                  = {IEEE Transactions on Multimedia},
  Year                     = {2009},
  Number                   = {3},
  Pages                    = {413--421},
  Volume                   = {11},
  Url                      = {http://ieeexplore.ieee.org/abstract/document/4802372/},
  Urldate                  = {2017-02-07}
}

@Article{Girshick2011,
  Title                    = {Cardinal rules: visual orientation perception reflects knowledge of environmental statistics},
  Author                   = {Girshick, Ahna R. and Landy, Michael S. and Simoncelli, Eero P.},
  Journal                  = {Nature Neuroscience},
  Year                     = {2011},
  Month                    = jul,
  Number                   = {7},
  Pages                    = {926--932},
  Volume                   = {14},
  Doi                      = {10.1038/nn.2831},
  ISSN                     = {1097-6256},
  Language                 = {en},
  Shorttitle               = {Cardinal rules},
  Url                      = {http://www.nature.com/neuro/journal/v14/n7/full/nn.2831.html?foxtrotcallback=true},
  Urldate                  = {2017-10-15}
}

@InProceedings{Govaerts2012,
  Title                    = {The student activity meter for awareness and self-reflection},
  Author                   = {Govaerts, Sten and Verbert, Katrien and Duval, Erik and Pardo, Abelardo},
  Year                     = {2012},
  Pages                    = {869--884},
  Publisher                = {ACM},
  Url                      = {http://dl.acm.org/citation.cfm?id=2212860},
  Urldate                  = {2017-09-18}
}

@InProceedings{Guerra2016,
  Title                    = {An intelligent interface for learning content: {Combining} an open learner model and social comparison to support self-regulated learning and engagement},
  Author                   = {Guerra, Julio and Hosseini, Roya and Somyurek, Sibel and Brusilovsky, Peter},
  Booktitle                = {Proceedings of the 21st {International} {Conference} on {Intelligent} {User} {Interfaces}},
  Year                     = {2016},
  Pages                    = {152--163},
  Publisher                = {ACM},
  Shorttitle               = {An intelligent interface for learning content}
}

@Article{Guo2017,
  Title                    = {{TieVis}: visual analytics of evolution of interpersonal ties},
  Author                   = {Guo, Fangzhou and Chen, Wei and Lin, Tao and Zhu, Biao and Zhang, Fan and Wu, Yingcai and Qu, Huamin},
  Journal                  = {Journal of Visualization},
  Year                     = {2017},
  Month                    = nov,
  Number                   = {4},
  Pages                    = {905--918},
  Volume                   = {20},
  Doi                      = {10.1007/s12650-017-0430-x},
  ISSN                     = {1343-8875, 1875-8975},
  Language                 = {en},
  Shorttitle               = {{TieVis}},
  Url                      = {https://link.springer.com/article/10.1007/s12650-017-0430-x},
  Urldate                  = {2017-12-01}
}

@InProceedings{Hardy2007,
  Title                    = {Tracking and visualisation of student use of online learning materials in a large undergraduate course},
  Author                   = {Hardy, Judy and Bates, Simon and Hill, Jon and Antonioletti, Mario},
  Booktitle                = {International {Conference} on {Web}-{Based} {Learning}},
  Year                     = {2007},
  Pages                    = {464--474},
  Publisher                = {Springer},
  Url                      = {https://link.springer.com/chapter/10.1007/978-3-540-78139-4_41},
  Urldate                  = {2017-09-18}
}

@InProceedings{Hartley2002,
  Title                    = {Supporting learning by opening the student model},
  Author                   = {Hartley, Danita and Mitrovic, Antonija},
  Booktitle                = {International {Conference} on {Intelligent} {Tutoring} {Systems}},
  Year                     = {2002},
  Pages                    = {453--462},
  Publisher                = {Springer},
  Url                      = {http://link.springer.com/chapter/10.1007/3-540-47987-2_48},
  Urldate                  = {2017-02-07}
}

@InProceedings{Heer2005,
  Title                    = {Vizster: {Visualizing} online social networks},
  Author                   = {Heer, Jeffrey and Boyd, Danah},
  Booktitle                = {Information {Visualization}, 2005. {INFOVIS} 2005. {IEEE} {Symposium} on},
  Year                     = {2005},
  Pages                    = {32--39},
  Publisher                = {IEEE},
  Shorttitle               = {Vizster},
  Url                      = {http://ieeexplore.ieee.org/abstract/document/1532126/},
  Urldate                  = {2017-02-07}
}

@Article{Heer2012,
  Title                    = {Interactive dynamics for visual analysis},
  Author                   = {Heer, Jeffrey and Shneiderman, Ben},
  Journal                  = {Queue},
  Year                     = {2012},
  Number                   = {2},
  Pages                    = {30},
  Volume                   = {10},
  Url                      = {http://dl.acm.org/citation.cfm?id=2146416},
  Urldate                  = {2017-09-20}
}

@Article{Heo2010,
  Title                    = {Exploratory study on the patterns of online interaction and knowledge co-construction in project-based learning},
  Author                   = {Heo, Heeok and Lim, Kyu Yon and Kim, Youngsoo},
  Journal                  = {Computers \& Education},
  Year                     = {2010},
  Number                   = {3},
  Pages                    = {1383--1392},
  Volume                   = {55}
}

@Article{Hommes2012,
  Title                    = {Visualising the invisible: a network approach to reveal the informal social side of student learning},
  Author                   = {Hommes, Jeannette and Rienties, B. and de Grave, Willem and Bos, Gerardus and Schuwirth, Lambert and Scherpbier, Albert},
  Journal                  = {Advances in Health Sciences Education},
  Year                     = {2012},
  Number                   = {5},
  Pages                    = {743--757},
  Volume                   = {17},
  Shorttitle               = {Visualising the invisible},
  Url                      = {http://link.springer.com/article/10.1007/s10459-012-9349-0},
  Urldate                  = {2017-07-27}
}

@InProceedings{Hoque2016,
  Title                    = {Multiconvis: {A} visual text analytics system for exploring a collection of online conversations},
  Author                   = {Hoque, Enamul and Carenini, Giuseppe},
  Booktitle                = {Proceedings of the 21st {International} {Conference} on {Intelligent} {User} {Interfaces}},
  Year                     = {2016},
  Pages                    = {96--107},
  Publisher                = {ACM},
  Shorttitle               = {Multiconvis}
}

@Article{Huguet2001,
  Title                    = {Social comparison choices in the classroom: {Further} evidence for students' upward comparison tendency and its beneficial impact on performance},
  Author                   = {Huguet, Pascal and Dumas, Florence and Monteil, Jean M. and Genestoux, Nicolas},
  Journal                  = {European journal of social psychology},
  Year                     = {2001},
  Number                   = {5},
  Pages                    = {557--578},
  Volume                   = {31},
  Shorttitle               = {Social comparison choices in the classroom}
}

@Article{Hundhausen2002,
  Title                    = {A meta-study of algorithm visualization effectiveness},
  Author                   = {Hundhausen, Christopher D. and Douglas, Sarah A. and Stasko, John T.},
  Journal                  = {Journal of Visual Languages \& Computing},
  Year                     = {2002},
  Number                   = {3},
  Pages                    = {259--290},
  Volume                   = {13},
  Url                      = {http://www.sciencedirect.com/science/article/pii/S1045926X02902375},
  Urldate                  = {2017-09-18}
}

@InProceedings{Hutchings2016,
  Title                    = {{VisMap}: {Exploratory} {Visualization} {Support} for {Introductory} {Data} {Science} and {Visualization}},
  Author                   = {Hutchings, Dugald Ralph and Squire, Megan},
  Booktitle                = {Proceedings of the 47th {ACM} {Technical} {Symposium} on {Computing} {Science} {Education}},
  Year                     = {2016},
  Address                  = {New York, NY, USA},
  Pages                    = {163--168},
  Publisher                = {ACM},
  Series                   = {{SIGCSE} '16},
  Doi                      = {10.1145/2839509.2844572},
  ISBN                     = {978-1-4503-3685-7},
  Shorttitle               = {{VisMap}},
  Url                      = {http://doi.acm.org/10.1145/2839509.2844572},
  Urldate                  = {2017-11-30}
}

@InProceedings{Jivet2017,
  Title                    = {Awareness {Is} {Not} {Enough}: {Pitfalls} of {Learning} {Analytics} {Dashboards} in the {Educational} {Practice}},
  Author                   = {Jivet, Ioana and Scheffel, Maren and Drachsler, Hendrik and Specht, Marcus},
  Booktitle                = {Data {Driven} {Approaches} in {Digital} {Education}},
  Year                     = {2017},
  Month                    = sep,
  Pages                    = {82--96},
  Publisher                = {Springer, Cham},
  Series                   = {Lecture {Notes} in {Computer} {Science}},
  Doi                      = {10.1007/978-3-319-66610-5_7},
  ISBN                     = {978-3-319-66609-9 978-3-319-66610-5},
  Language                 = {en},
  Shorttitle               = {Awareness {Is} {Not} {Enough}},
  Url                      = {https://link.springer.com/chapter/10.1007/978-3-319-66610-5_7},
  Urldate                  = {2017-10-18}
}

@Article{Juan2009,
  Title                    = {{SAMOS}: a model for monitoring students' and groups' activities in collaborative e-learning},
  Author                   = {Juan, Angel A. and Daradoumis, Thanasis and Faulin, Javier and Xhafa, Fatos},
  Journal                  = {International Journal of Learning Technology},
  Year                     = {2009},
  Number                   = {1-2},
  Pages                    = {53--72},
  Volume                   = {4},
  Shorttitle               = {{SAMOS}},
  Url                      = {http://www.inderscienceonline.com/doi/abs/10.1504/IJLT.2009.024716},
  Urldate                  = {2017-09-18}
}

@Book{Kahneman2011,
  Title                    = {Thinking, {Fast} and {Slow}},
  Author                   = {Kahneman, Daniel},
  Publisher                = {Farra, Straus and Giroux},
  Year                     = {2011},
  Month                    = oct,
}

@InProceedings{Kay2006,
  Title                    = {The big five and visualisations of team work activity},
  Author                   = {Kay, Judy and Maisonneuve, Nicolas and Yacef, Kalina and Reimann, Peter},
  Booktitle                = {Intelligent tutoring systems},
  Year                     = {2006},
  Pages                    = {197--206},
  Publisher                = {Springer},
  Url                      = {http://link.springer.com/chapter/10.1007/11774303_20},
  Urldate                  = {2017-02-07}
}

@Article{Kester2007,
  Title                    = {Facilitating community building in learning networks through peer tutoring in ad hoc transient communities},
  Author                   = {Kester, Liesbeth and Sloep, Peter B. and Van Rosmalen, Peter and Brouns, Francis and Kone, Malik and Koper, Rob},
  Journal                  = {International Journal of Web Based Communities},
  Year                     = {2007},
  Note                     = {00050},
  Number                   = {2},
  Pages                    = {198--205},
  Volume                   = {3},
  Owner                    = {mlk},
  Timestamp                = {2017.11.22},
  Url                      = {http://www.inderscienceonline.com/doi/abs/10.1504/IJWBC.2007.014080},
  Urldate                  = {2016-06-12}
}

@Article{Kirschner2016,
  Title                    = {Keynote: {Learning} {Analytics}: {Utopia} or {Dystopia}},
  Author                   = {Kirschner, P. A.},
  Journal                  = {City},
  Year                     = {2016},
  Shorttitle               = {Keynote}
}

@InProceedings{Klamma2006,
  Title                    = {Pattern-based cross media social network analysis for technology enhanced learning in {Europe}},
  Author                   = {Klamma, Ralf and Spaniol, Marc and Cao, Yiwei and Jarke, Matthias},
  Booktitle                = {European {Conference} on {Technology} {Enhanced} {Learning}},
  Year                     = {2006},
  Pages                    = {242--256},
  Publisher                = {Springer},
  Url                      = {http://link.springer.com/chapter/10.1007/11876663_20},
  Urldate                  = {2017-02-07}
}

@InCollection{Klerkx2014,
  Title                    = {Enhancing {Learning} with {Visualization} {Techniques}},
  Author                   = {Klerkx, Joris and Verbert, Katrien and Duval, Erik},
  Booktitle                = {Handbook of {Research} on {Educational} {Communications} and {Technology}},
  Publisher                = {Springer New York},
  Year                     = {2014},
  Editor                   = {Spector, J. Michael and Merrill, M. David and Elen, Jan and Bishop, M. J.},
  Note                     = {DOI: 10.1007/978-1-4614-3185-5\_64},
  Pages                    = {791--807},
  ISBN                     = {978-1-4614-3184-8 978-1-4614-3185-5},
  Language                 = {en},
  Url                      = {http://link.springer.com.buproxy.univ-lille1.fr/chapter/10.1007/978-1-4614-3185-5_64},
  Urldate                  = {2017-01-25}
}

@Article{Lake2016,
  Title                    = {Building {Machines} {That} {Learn} and {Think} {Like} {People}},
  Author                   = {Lake, Brenden M. and Ullman, Tomer D. and Tenenbaum, Joshua B. and Gershman, Samuel J.},
  Journal                  = {Behavioral and Brain Sciences},
  Year                     = {2016},
  Month                    = nov,
  Pages                    = {1--101},
  Doi                      = {10.1017/S0140525X16001837},
  ISSN                     = {0140-525X, 1469-1825},
  Url                      = {https://www.cambridge.org/core/journals/behavioral-and-brain-sciences/article/div-classtitlebuilding-machines-that-learn-and-think-like-peoplediv/A9535B1D745A0377E16C590E14B94993},
  Urldate                  = {2017-10-05}
}

@Article{Larkin1987,
  Title                    = {Why a diagram is (sometimes) worth ten thousand words},
  Author                   = {Larkin, Jill H. and Simon, Herbert A.},
  Journal                  = {Cognitive science},
  Year                     = {1987},
  Number                   = {1},
  Pages                    = {65--100},
  Volume                   = {11},
  Url                      = {http://onlinelibrary.wiley.com/doi/10.1111/j.1551-6708.1987.tb00863.x/full},
  Urldate                  = {2017-09-18}
}

@Article{Laurillard2009,
  Title                    = {The pedagogical challenges to collaborative technologies},
  Author                   = {Laurillard, Diana},
  Journal                  = {International Journal of Computer-Supported Collaborative Learning},
  Year                     = {2009},
  Number                   = {1},
  Pages                    = {5--20},
  Volume                   = {4}
}

@Article{Leeuwen2014,
  Title                    = {Supporting teachers in guiding collaborating students: {Effects} of learning analytics in {CSCL}},
  Author                   = {van Leeuwen, Anouschka and Janssen, Jeroen and Erkens, Gijsbert and Brekelmans, Mieke},
  Journal                  = {Computers \& Education},
  Year                     = {2014},
  Month                    = oct,
  Pages                    = {28--39},
  Volume                   = {79},
  Doi                      = {10.1016/j.compedu.2014.07.007},
  ISSN                     = {0360-1315},
  Shorttitle               = {Supporting teachers in guiding collaborating students},
  Url                      = {//www.sciencedirect.com/science/article/pii/S0360131514001584},
  Urldate                  = {2017-01-25}
}

@Article{Lomi2011,
  Title                    = {Why are some more peer than others? {Evidence} from a longitudinal study of social networks and individual academic performance},
  Author                   = {Lomi, Alessandro and Snijders, Tom AB and Steglich, Christian EG and Torl\'o, Vanina Jasmine},
  Journal                  = {Social Science Research},
  Year                     = {2011},
  Number                   = {6},
  Pages                    = {1506--1520},
  Volume                   = {40},
  Owner                    = {mlk},
  Timestamp                = {2017.11.22}
}

@Article{Lonn2015,
  Title                    = {Investigating student motivation in the context of a learning analytics intervention during a summer bridge program},
  Author                   = {Lonn, Steven and Aguilar, Stephen J. and Teasley, Stephanie D.},
  Journal                  = {Computers in Human Behavior},
  Year                     = {2015},
  Pages                    = {90--97},
  Volume                   = {47},
  Url                      = {http://www.sciencedirect.com/science/article/pii/S0747563214003793},
  Urldate                  = {2017-09-18}
}

@Article{MANN2009,
  Title                    = {Rhetorical {Structure} {Theory}: {Toward} a functional theory of text organization},
  Author                   = {MANN, WILLIAM C. and THOMPSON, SANDRA A.},
  Journal                  = {Text - Interdisciplinary Journal for the Study of Discourse},
  Year                     = {2009},
  Number                   = {3},
  Pages                    = {243--281},
  Volume                   = {8},
  Doi                      = {10.1515/text.1.1988.8.3.243},
  ISSN                     = {1613-4117},
  Shorttitle               = {Rhetorical {Structure} {Theory}},
  Url                      = {https://www.degruyter.com/view/j/text.1.1988.8.issue-3/text.1.1988.8.3.243/text.1.1988.8.3.243.xml},
  Urldate                  = {2017-11-26}
}

@Article{May2011,
  Title                    = {{TrAVis} to enhance online tutoring and learning activities: {Real}-time visualization of students tracking data},
  Author                   = {May, Madeth and George, Sébastien and Prévôt, Patrick},
  Journal                  = {Interactive Technology and Smart Education},
  Year                     = {2011},
  Month                    = apr,
  Number                   = {1},
  Pages                    = {52--69},
  Volume                   = {8},
  Doi                      = {10.1108/17415651111125513},
  ISSN                     = {1741-5659},
  Shorttitle               = {{TrAVis} to enhance online tutoring and learning activities}
}

@InProceedings{May,
  Title                    = {The Side Effect of Learning Analytics: An Empirical Study on E-Learning Technologies and User Privacy},
  Author                   = {May, Madeth and Iksal, Sébastien and Usener, Claus A.},
  Booktitle                = {International Conference on Computer Supported Education},
  Pages                    = {279--295},
  Publisher                = {Springer},
  Date                     = {2016},
  Shorttitle               = {The Side Effect of Learning Analytics}
}

@Article{Medina2016,
  Title                    = {Providing {Behaviour} {Awareness} in {Collaborative} {Project} {Courses}},
  Author                   = {Medina, Esunly and Meseguer, Roc and Ochoa, Sergio F. and Medina, Humberto},
  Journal                  = {Journal of Universal Computer Science},
  Year                     = {2016},
  Number                   = {10},
  Pages                    = {1319--1338},
  Volume                   = {22},
  Url                      = {http://jucs.org/jucs_22_10/providing_behaviour_awareness_in/jucs_22_10_1319_1338_medina.pdf},
  Urldate                  = {2017-02-02}
}

@InProceedings{Merino2016,
  Title                    = {{CommunityExplorer}: {A} {Framework} for {Visualizing} {Collaboration} {Networks}},
  Author                   = {Merino, Leonel and Seliner, Dominik and Ghafari, Mohammad and Nierstrasz, Oscar},
  Booktitle                = {Proceedings of the 11th {Edition} of the {International} {Workshop} on {Smalltalk} {Technologies}},
  Year                     = {2016},
  Address                  = {New York, NY, USA},
  Pages                    = {2:1--2:9},
  Publisher                = {ACM},
  Series                   = {{IWST}'16},
  Doi                      = {10.1145/2991041.2991043},
  ISBN                     = {978-1-4503-4524-8},
  Shorttitle               = {{CommunityExplorer}},
  Url                      = {http://doi.acm.org/10.1145/2991041.2991043},
  Urldate                  = {2017-10-07}
}

@InProceedings{Oleksandra2016,
  Title                    = {Untangling {MOOC} learner networks},
  Author                   = {Oleksandra, Poquet and Shane, Dawson},
  Booktitle                = {Proceedings of the {Sixth} {International} {Conference} on {Learning} {Analytics} \& {Knowledge}},
  Year                     = {2016},
  Note                     = {00000},
  Pages                    = {208--212},
  Publisher                = {ACM},
  Url                      = {http://dl.acm.org/citation.cfm?id=2883919},
  Urldate                  = {2016-07-05}
}

@InProceedings{Paredes2012,
  Title                    = {Modelling learning \& performance: a social networks perspective},
  Author                   = {Paredes, Walter Christian and Chung, Kon Shing Kenneth},
  Booktitle                = {Proceedings of the 2nd {International} {Conference} on {Learning} {Analytics} and {Knowledge}},
  Year                     = {2012},
  Note                     = {00013},
  Pages                    = {34--42},
  Publisher                = {ACM},
}

@Article{Pintrich1990,
  Title                    = {Motivational and self-regulated learning components of classroom academic performance.},
  Author                   = {Pintrich, Paul R. and De Groot, Elisabeth V.},
  Journal                  = {Journal of educational psychology},
  Year                     = {1990},
  Number                   = {1},
  Pages                    = {33},
  Volume                   = {82}
}

@Article{Qu2015,
  Title                    = {Visual analytics for {MOOC} data},
  Author                   = {Qu, Huamin and Chen, Qing},
  Journal                  = {IEEE computer graphics and applications},
  Year                     = {2015},
  Number                   = {6},
  Pages                    = {69--75},
  Volume                   = {35},
  Url                      = {http://ieeexplore.ieee.org/abstract/document/7331178/},
  Urldate                  = {2017-09-12}
}

@Article{Rabardel1995,
  Title                    = {Les hommes et les technologies; approche cognitive des instruments contemporains},
  Author                   = {Rabardel, Pierre},
  Year                     = {1995},
  Url                      = {https://hal.archives-ouvertes.fr/hal-01017462/},
  Urldate                  = {2016-06-05}
}

@InCollection{Rabbany2014,
  Title                    = {Collaborative learning of students in online discussion forums: {A} social network analysis perspective},
  Author                   = {Rabbany, Reihaneh and Elatia, Samira and Takaffoli, Mansoureh and Za\"iane, Osmar R.},
  Booktitle                = {Educational {Data} {Mining}},
  Publisher                = {Springer},
  Year                     = {2014},
  Note                     = {00013},
  Pages                    = {441--466},
  Shorttitle               = {Collaborative learning of students in online discussion forums},
  Url                      = {http://link.springer.com/chapter/10.1007/978-3-319-02738-8_16},
  Urldate                  = {2016-05-30}
}

@Article{Rehm2015,
  Title                    = {The impact of hierarchical positions on communities of learning},
  Author                   = {Rehm, Martin and Gijselaers, Wim and Segers, Mien},
  Journal                  = {International Journal of Computer-Supported Collaborative Learning},
  Year                     = {2015},
  Number                   = {2},
  Pages                    = {117--138},
  Volume                   = {10},
  Url                      = {http://link.springer.com/article/10.1007/s11412-014-9205-8},
  Urldate                  = {2017-07-24}
}

@Article{Schwendimann2017,
  Title                    = {Perceiving learning at a glance: {A} systematic literature review of learning dashboard research},
  Author                   = {Schwendimann, Beat A. and Rodriguez-Triana, Maria Jesus and Vozniuk, Andrii and Prieto, Luis P. and Boroujeni, Mina Shirvani and Holzer, Adrian and Gillet, Denis and Dillenbourg, Pierre},
  Journal                  = {IEEE Transactions on Learning Technologies},
  Year                     = {2017},
  Number                   = {1},
  Pages                    = {30--41},
  Volume                   = {10},
  Shorttitle               = {Perceiving learning at a glance}
}

@Article{Seaton2014,
  Title                    = {Who {Does} {What} in a {Massive} {Open} {Online} {Course}?},
  Author                   = {Seaton, Daniel T. and Bergner, Yoav and Chuang, Isaac and Mitros, Piotr and Pritchard, David E.},
  Journal                  = {Commun. ACM},
  Year                     = {2014},
  Month                    = apr,
  Number                   = {4},
  Pages                    = {58--65},
  Volume                   = {57},
  Doi                      = {10.1145/2500876},
  ISSN                     = {0001-0782},
  Url                      = {http://doi.acm.org/10.1145/2500876},
  Urldate                  = {2017-11-22}
}

@Article{Sie2012,
  Title                    = {Social network analysis for technology-enhanced learning: review and future directions},
  Author                   = {Sie, Rory LL and Ullmann, Thomas Daniel and Rajagopal, Kamakshi and Cela, Karina and Bitter-Rijpkema, Marlies and Sloep, Peter B.},
  Journal                  = {International Journal of Technology Enhanced Learning},
  Year                     = {2012},
  Note                     = {00012},
  Number                   = {3-4},
  Pages                    = {172--190},
  Volume                   = {4},
  Owner                    = {mlk},
  Shorttitle               = {Social network analysis for technology-enhanced learning},
  Timestamp                = {2017.11.22},
  Url                      = {http://www.inderscienceonline.com/doi/abs/10.1504/IJTEL.2012.051582},
  Urldate                  = {2016-06-11}
}

@Article{Siemens2014,
  Title                    = {Connectivism: {A} learning theory for the digital age},
  Author                   = {Siemens, George},
  Year                     = {2014},
  Note                     = {03556},
  Owner                    = {mlk},
  Shorttitle               = {Connectivism},
  Timestamp                = {2017.11.22},
  Url                      = {http://er.dut.ac.za/handle/123456789/69},
  Urldate                  = {2016-07-02}
}

@Article{Smith1988,
  Title                    = {Foundations of {Gestalt} theory},
  Author                   = {Smith, Barry},
  Year                     = {1988},
  Url                      = {https://philpapers.org/rec/SMIFOG},
  Urldate                  = {2017-09-18}
}

@Article{Soller2005,
  Title                    = {From mirroring to guiding: {A} review of state of the art technology for supporting collaborative learning},
  Author                   = {Soller, Amy and Martínez, Alejandra and Jermann, Patrick and Muehlenbrock, Martin},
  Journal                  = {International Journal of Artificial Intelligence in Education},
  Year                     = {2005},
  Number                   = {4},
  Pages                    = {261--290},
  Volume                   = {15},
  Shorttitle               = {From mirroring to guiding},
  Url                      = {http://content.iospress.com/articles/international-journal-of-artificial-intelligence-in-education/jai15-4-02},
  Urldate                  = {2017-08-07}
}

@InProceedings{Sung2017,
  Title                    = {Exploring {Online} {Learners}' {Interactive} {Dynamics} by {Visually} {Analyzing} {Their} {Time}-anchored {Comments}},
  Author                   = {Sung, Ching-Ying and Huang, Xun-Yi and Shen, Yicong and Cherng, Fu-Yin and Lin, Wen-Chieh and Wang, Hao-Chuan},
  Booktitle                = {Computer {Graphics} {Forum}},
  Year                     = {2017},
  Pages                    = {145--155},
  Publisher                = {Wiley Online Library},
  Volume                   = {36},
}

@InProceedings{Tausch,
  Title                    = {A comparison of cooperative and competitive visualizations for co-located collaboration},
  Author                   = {Tausch, Sarah and Ta, Stephanie and Hussmann, Heinrich},
  Booktitle                = {Proceedings of the 2016 {CHI} conference on human factors in computing systems},
  Pages                    = {5034--5039},
  Publisher                = {{ACM}},
  Date                     = {2016}
}

@InProceedings{Tausch2016,
  Title                    = {A {Comparison} of {Cooperative} and {Competitive} {Visualizations} for {Co}-located {Collaboration}},
  Author                   = {Tausch, Sarah and Ta, Stephanie and Hussmann, Heinrich},
  Booktitle                = {Proceedings of the 2016 {CHI} {Conference} on {Human} {Factors} in {Computing} {Systems}},
  Year                     = {2016},
  Address                  = {New York, NY, USA},
  Pages                    = {5034--5039},
  Publisher                = {ACM},
  Series                   = {{CHI} '16},
  Doi                      = {10.1145/2858036.2858072},
  ISBN                     = {978-1-4503-3362-7},
  Url                      = {http://doi.acm.org/10.1145/2858036.2858072},
  Urldate                  = {2017-12-01}
}

@Article{Tempelaar2015,
  Title                    = {In search for the most informative data for feedback generation: {Learning} analytics in a data-rich context},
  Author                   = {Tempelaar, Dirk T. and Rienties, Bart and Giesbers, Bas},
  Journal                  = {Computers in Human Behavior},
  Year                     = {2015},
  Month                    = jun,
  Pages                    = {157--167},
  Volume                   = {47},
  Doi                      = {10.1016/j.chb.2014.05.038},
  ISSN                     = {0747-5632},
  Series                   = {Learning {Analytics}, {Educational} {Data} {Mining} and data-driven {Educational} {Decision} {Making}},
  Shorttitle               = {In search for the most informative data for feedback generation},
  Url                      = {//www.sciencedirect.com/science/article/pii/S0747563214003240},
  Urldate                  = {2017-01-21}
}

@Article{Tenenbaum2006,
  Title                    = {Theory-based {Bayesian} models of inductive learning and reasoning},
  Author                   = {Tenenbaum, Joshua B. and Griffiths, Thomas L. and Kemp, Charles},
  Journal                  = {Trends in Cognitive Sciences},
  Year                     = {2006},
  Month                    = jul,
  Number                   = {7},
  Pages                    = {309--318},
  Volume                   = {10},
  Doi                      = {10.1016/j.tics.2006.05.009},
  ISSN                     = {1364-6613},
  Series                   = {Special issue: {Probabilistic} models of cognition},
  Url                      = {http://www.sciencedirect.com/science/article/pii/S1364661306001343},
  Urldate                  = {2017-10-04}
}

@Article{Twissell2014,
  Title                    = {Visualisation in applied learning contexts: a review},
  Author                   = {Twissell, Adrian},
  Journal                  = {Journal of Educational Technology \& Society},
  Year                     = {2014},
  Number                   = {3},
  Volume                   = {17},
  Shorttitle               = {Visualisation in applied learning contexts},
  Url                      = {http://www.jstor.org/stable/pdf/jeductechsoci.17.3.180.pdf},
  Urldate                  = {2017-08-07}
}

@InProceedings{Vehlow2015,
  Title                    = {Visualizing the evolution of communities in dynamic graphs},
  Author                   = {Vehlow, Corinna and Beck, Fabian and Auwärter, Patrick and Weiskopf, Daniel},
  Booktitle                = {Computer {Graphics} {Forum}},
  Year                     = {2015},
  Pages                    = {277--288},
  Publisher                = {Wiley Online Library},
  Volume                   = {34},
  Annote                   = {Nice visualization but as is too complicated for students.
They are flow type visualizations},
}

@Book{Vygotskij1985,
  Title                    = {Pensée et langage},
  Author                   = {Vygotskij, Lev Semenovic and Sève, Françoise and Clot, Yves},
  Publisher                = {Messidor},
  Year                     = {1985},
  Language                 = {fr},
  Owner                    = {mlk},
  Timestamp                = {2017.11.22}
}

@Article{Wang2007,
  Title                    = {{DIANA}: {A} computer-supported heterogeneous grouping system for teachers to conduct successful small learning groups},
  Author                   = {Wang, Dai-Yi and Lin, Sunny SJ and Sun, Chuen-Tsai},
  Journal                  = {Computers in Human Behavior},
  Year                     = {2007},
  Number                   = {4},
  Pages                    = {1997--2010},
  Volume                   = {23},
  Owner                    = {mlk},
  Shorttitle               = {{DIANA}},
  Timestamp                = {2017.10.09},
  Url                      = {http://www.sciencedirect.com/science/article/pii/S0747563206000094},
  Urldate                  = {2017-09-26}
}

@InProceedings{Wang2016,
  Title                    = {Towards triggering higher-order thinking behaviors in {MOOCs}},
  Author                   = {Wang, Xu and Wen, Miaomiao and Rosé, Carolyn P.},
  Booktitle                = {Proceedings of the {Sixth} {International} {Conference} on {Learning} {Analytics} \& {Knowledge}},
  Year                     = {2016},
  Pages                    = {398--407},
  Publisher                = {ACM},
  Url                      = {http://dl.acm.org/citation.cfm?id=2883964},
  Urldate                  = {2017-07-20}
}

@InProceedings{Wise2017,
  Title                    = {Honing in on social learning networks in {MOOC} forums: examining critical network definition decisions},
  Author                   = {Wise, Alyssa Friend and Cui, Yi and Jin, Wan Qi},
  Booktitle                = {Proceedings of the {Seventh} {International} {Learning} {Analytics} \& {Knowledge} {Conference}},
  Year                     = {2017},
  Pages                    = {383--392},
  Publisher                = {ACM},
  Shorttitle               = {Honing in on social learning networks in {MOOC} forums},
  Url                      = {http://dl.acm.org/citation.cfm?id=3027446},
  Urldate                  = {2017-09-16}
}

@Article{Wolters2004,
  Title                    = {Advancing {Achievement} {Goal} {Theory}: {Using} {Goal} {Structures} and {Goal} {Orientations} to {Predict} {Students}' {Motivation}, {Cognition}, and {Achievement}.},
  Author                   = {Wolters, Christopher A.},
  Journal                  = {Journal of educational psychology},
  Year                     = {2004},
  Number                   = {2},
  Pages                    = {236},
  Volume                   = {96},
  Shorttitle               = {Advancing {Achievement} {Goal} {Theory}},
  Url                      = {http://psycnet.apa.org/journals/edu/96/2/236/},
  Urldate                  = {2017-09-18}
}

@InProceedings{Wong2016,
  Title                    = {Analyzing academic discussion forum data with topic detection and data visualization},
  Author                   = {Wong, G. K. W. and Li, S. Y. K. and Wong, E. W. Y.},
  Booktitle                = {2016 {IEEE} {International} {Conference} on {Teaching}, {Assessment}, and {Learning} for {Engineering} ({TALE})},
  Year                     = {2016},
  Month                    = dec,
  Pages                    = {109--115},
  Doi                      = {10.1109/TALE.2016.7851779},
}

@InProceedings{Xing2014,
  Title                    = {Learning analytics in {CSCL} with a focus on assessment: an exploratory study of activity theory-informed cluster analysis},
  Author                   = {Xing, Wanli and Wadholm, Bob and Goggins, Sean},
  Booktitle                = {Proceedings of the fourth international conference on learning analytics and knowledge},
  Year                     = {2014},
  Note                     = {00015},
  Pages                    = {59--67},
  Publisher                = {ACM},
  Shorttitle               = {Learning analytics in {CSCL} with a focus on assessment},
  Url                      = {http://dl.acm.org/citation.cfm?id=2567587},
  Urldate                  = {2016-06-14}
}

@InProceedings{Yamada2018,
  Title                    = {The {Effects} of {Social} {Presence} {Visualization} based on a {Community} of {Inquiry} {Framework}},
  Author                   = {Yamada, Masanori and GODA, Yoshiko},
  Booktitle                = {Society for {Information} {Technology} \& {Teacher} {Education} {International} {Conference}},
  Year                     = {2018},
  Pages                    = {1014--1019},
  Publisher                = {Association for the Advancement of Computing in Education (AACE)},
}

@Article{Yi2007,
  Title                    = {Toward a deeper understanding of the role of interaction in information visualization},
  Author                   = {Yi, Ji Soo and ah Kang, Youn and Stasko, John},
  Journal                  = {IEEE transactions on visualization and computer graphics},
  Year                     = {2007},
  Number                   = {6},
  Pages                    = {1224--1231},
  Volume                   = {13},
  Url                      = {http://ieeexplore.ieee.org/abstract/document/4376144/},
  Urldate                  = {2017-08-07}
}

@InCollection{Yousuf2015,
  Title                    = {{VisEN}: {Motivating} {Learner} {Engagement} {Through} {Explorable} {Visual} {Narratives}},
  Author                   = {Yousuf, Bilal and Conlan, Owen},
  Booktitle                = {Design for {Teaching} and {Learning} in a {Networked} {World}},
  Publisher                = {Springer},
  Year                     = {2015},
  Pages                    = {367--380},
  Owner                    = {mlk},
  Shorttitle               = {{VisEN}},
  Timestamp                = {2017.10.09},
  Url                      = {http://link.springer.com/chapter/10.1007/978-3-319-24258-3_27},
  Urldate                  = {2017-09-18}
}

@InProceedings{Zapata-Rivera2002,
  Title                    = {Exploring various guidance mechanisms to support interaction with inspectable learner models},
  Author                   = {Zapata-Rivera, Diego and Greer, Jim},
  Booktitle                = {Intelligent {Tutoring} {Systems}},
  Year                     = {2002},
  Pages                    = {442--452},
  Publisher                = {Springer},
  Url                      = {http://link.springer.com/content/pdf/10.1007/3-540-47987-2.pdf#page=471},
  Urldate                  = {2017-08-07}
}

@Article{Zhang2015,
  Title                    = {Iterative cohort analysis and exploration},
  Author                   = {Zhang, Zhiyuan and Gotz, David and Perer, Adam},
  Journal                  = {Information Visualization},
  Year                     = {2015},
  Number                   = {4},
  Pages                    = {289--307},
  Volume                   = {14},
}

@InProceedings{Zhu2016,
  Title                    = {Longitudinal engagement, performance, and social connectivity: a {MOOC} case study using exponential random graph models},
  Author                   = {Zhu, Mengxiao and Bergner, Yoav and Zhang, Yan and Baker, Ryan and Wang, Yuan and Paquette, Luc},
  Booktitle                = {Proceedings of the {Sixth} {International} {Conference} on {Learning} {Analytics} \& {Knowledge}},
  Year                     = {2016},
  Note                     = {00000},
  Pages                    = {223--230},
  Publisher                = {ACM},
  Shorttitle               = {Longitudinal engagement, performance, and social connectivity},
  Url                      = {http://dl.acm.org/citation.cfm?id=2883934},
  Urldate                  = {2016-06-05}
}

@Article{Zimmerman1990,
  Title                    = {Self-regulated learning and academic achievement: {An} overview},
  Author                   = {Zimmerman, Barry J.},
  Journal                  = {Educational psychologist},
  Year                     = {1990},
  Number                   = {1},
  Pages                    = {3--17},
  Volume                   = {25},
  Owner                    = {mlk},
  Shorttitle               = {Self-regulated learning and academic achievement},
  Timestamp                = {2017.11.22}
}



@inproceedings{Ezen2015,
	title = {Unsupervised modeling for understanding {MOOC} discussion forums: a learning analytics approach},
	shorttitle = {Unsupervised modeling for understanding {MOOC} discussion forums},
	url = {http://dl.acm.org/citation.cfm?id=2723589},
	urldate = {2016-07-02},
	booktitle = {Proceedings of the fifth international conference on learning analytics and knowledge},
	publisher = {ACM},
	author = {Ezen-Can, Aysu and Boyer, Kristy Elizabeth and Kellogg, Shaun and Booth, Sherry},
	year = {2015},
	note = {00012},
	pages = {146--150},
}




@incollection{Gerstenberg2017,
	title = {Intuitive theories},
	urldate = {2017-10-05},
	booktitle = {The {Oxford} {Handbook} of {Causal} {Reasoning}},
	author = {Gerstenberg, Tobias and Tenenbaum, Joshua B.},
	year = {2017},
}

@article{Gerlach2018,
	title = {A network approach to topic models},
	volume = {4},
	issn = {2375-2548},
	url = {http://advances.sciencemag.org/content/4/7/eaaq1360},
	doi = {10.1126/sciadv.aaq1360},
	language = {en},
	number = {7},
	urldate = {2018-12-17},
	journal = {Science Advances},
	author = {Gerlach, Martin and Peixoto, Tiago P. and Altmann, Eduardo G.},
	month = jul,
	year = {2018},
	pages = {eaaq1360},
}


@article{Jelodar2017,
	title = {Latent {Dirichlet} {Allocation} ({LDA}) and {Topic} modeling: models, applications, a survey},
	shorttitle = {Latent {Dirichlet} {Allocation} ({LDA}) and {Topic} modeling},
	url = {http://arxiv.org/abs/1711.04305},
	urldate = {2019-01-01},
	journal = {arXiv:1711.04305 [cs]},
	author = {Jelodar, Hamed and Wang, Yongli and Yuan, Chi and Feng, Xia and Jiang, Xiahui and Li, Yanchao and Zhao, Liang},
	month = nov,
	year = {2017},
	note = {arXiv: 1711.04305},
	annote = {Comment: arXiv admin note: text overlap with arXiv:1505.07302 by other authors},
}


@inproceedings{Khalil2014,
	title = {{MOOCs} completion rates and possible methods to improve retention-{A} literature review},
	volume = {1},
	booktitle = {World {Conference} on {Educational} {Multimedia}, {Hypermedia} and {Telecommunications}},
	author = {Khalil, Hanan and Ebner, Martin},
	year = {2014},
	pages = {1305--1313},
}


@inproceedings{Zheng2015,
	title = {Designing {MOOCs} as interactive places for collaborative learning},
	booktitle = {Proceedings of the {Second} (2015) {ACM} {Conference} on {Learning}@ {Scale}},
	publisher = {ACM},
	author = {Zheng, Saijing and Rosson, Mary Beth and Shih, Patrick C. and Carroll, John M.},
	year = {2015},
	pages = {343--346},
}


@inproceedings{Kone2018,
	title = {Towards a {Dynamic} {Visualization} of {Online} {Collaborative} {Learning}.},
	booktitle = {{CSEDU} (1)},
	author = {Koné, Malik and May, Madeth and Iksal, Sébastien},
	year = {2018},
	pages = {205--212}
}


@article{Lobo2016,
	title = {Identifying recommendation opportunities for computer-supported collaborative environments},
	volume = {33},
	number = {5},
	journal = {Expert Systems},
	author = {Lobo, Jesus L. and Santos, Olga C. and Boticario, Jesus G. and Del Ser, Javier},
	year = {2016},
	pages = {463--479},
}

@article{Aguilar2015,
	series = {Learning {Analytics}, {Educational} {Data} {Mining} and data-driven {Educational} {Decision} {Making}},
	title = {Tap into visual analysis of customization of grouping of activities in {eLearning}},
	volume = {47},
	issn = {0747-5632},
	url = {http://www.sciencedirect.com/science/article/pii/S0747563214005779},
	doi = {10.1016/j.chb.2014.11.001},
	urldate = {2019-02-13},
	journal = {Computers in Human Behavior},
	author = {G\'omez-Aguilar, Diego Alonso and Hern\'andez-Garc\'ia, \'Angel and Garc\'ia-Pe\~nalvo, Francisco J. and Therón, Roberto},
	month = jun,
	year = {2015},
	pages = {60--67},
}